@Article{netflix:2009,
  author  = {Robert Bell and Jim Bennett and Yehuda Koren and Chris Volinsky},
  title     = {The Million Dollar Programming Prize},
  journal = {IEEE Spectrum},
  pages   = {28--33},
  year    = {2009},
}

@Manual{topten,
  author="{Focus Editors}",
  title={10 Largest Databases in the World.},
  year={2010},
  url = "http://www.focus.com/fyi/operations/10-largest-databases-in-the-world/"
}

@Manual{RinNYT,
  author="{NY Times}",
  title={R in the news},
  url = "http://www.nytimes.com/2009/01/07/technology/business-computing/07program.html",
  year={2009},
}

@Manual{mysql,
  author={MySQL},
  title={MySQL tools},
  url = "http://www.mysql.com",
  year={2010},
}


@book{theus:2008,
  author  = {Martin Theus and Simon Urbanek},
  title   = {Interactive graphics for data analysis: Principles and examples.},
  address = {London},
  publisher = {Chapman \& Hall},
  year    = {2008},
}

@Manual{dbi,
  title = "{DBI: R Database Interface}",
  author = "{R Special Interest Group on Databases}",
  year = {2009},
  note = {R package version 0.2-5},
  url = {http://CRAN.R-project.org/package=DBI},
}

@Manual{rmysql,
  title = {RMySQL: R interface to the MySQL database},
  author = {David A. James and Saikat DebRoy},
  year = {2010},
  note = {R package version 0.7-5},
  url = {http://CRAN.R-project.org/package=RMySQL},
}

@article{normalform:1983,
	author={William Kent},
	year={1983},
	title={A simple guide to five normal forms in relational database theory},
	journal ={Communications of the ACM},
	volume=26,
	number=2,
	pages={120--125},
}

@article{dataexpo,
	author={Hadley Wickham},
	year={forthcoming},
	title={ASA Data Exposition 2009},
	journal={Journal of Computational and Graphical Statistics},
}

@Manual{dataexpourl,
  title = {ASA Data Exposition 2009},
  author = {Hadley Wickham},
  year = {2009},
  url = {http://stat- 
computing.org/dataexpo/},	
}

@Manual{wunderground,
  author="{Weather Underground, Inc}",
  title={Historical Weather Records},
  url = "http://www.wunderground.com/",
  location={Ann Arbor, MI},
  year={2009},
}

@Manual{arra,
  author="{Graphics Working Group -- Iowa State Statistics}",
  title="Making a Full Recovery",
  url = "http://www.stat.iastate.edu/DesignForAmerica/Recovery/",
  location={Ames, IA},
  year={2010},
}

@Manual{designforamerica,
  author="{Sunlight Labs}",
  title="Design for America",
  url = "http://sunlightlabs.com/contests/designforamerica/",
  year={2010},
}

@Manual{faa,
  author="{Federal Aviation Administration (FAA)}",
  title="Aviation Data and Statistics",
  url="http://www.faa.gov/data_research/aviation_data_statistics/",
  year={2010},
}


@Manual{noaa,
	author="{National Climatic Data Center (NCDC)}",
	title={Digital Data Files},
	url="http://www.ncdc.noaa.gov/oa/ncdc.html",
	year=2010
}